<?xml version="1.0" encoding="UTF-8"?><collection xmlns="http://www.loc.gov/MARC21/slim"><record><leader>00518nam--2200181-i-4500</leader><controlfield tag="001">000009226</controlfield><controlfield tag="002">20161230</controlfield><controlfield tag="005">20170219230932</controlfield><controlfield tag="008">060222s1000------------r-----000-0-eng-d</controlfield><datafield ind1=" " ind2=" " tag="080"><subfield code="a">621.384.634</subfield></datafield><datafield ind1=" " ind2=" " tag="100"><subfield code="a">Adams, J. B</subfield></datafield><datafield ind1=" " ind2=" " tag="245"><subfield code="a">Design studies for a large proton synchrotron and its laboratory</subfield></datafield><datafield ind1=" " ind2=" " tag="260"><subfield code="a">Geneva</subfield><subfield code="b">European Organization For Nuclear Research</subfield><subfield code="c">1970</subfield></datafield><datafield ind1=" " ind2=" " tag="300"><subfield code="a">III + 44 p. + 13 Figuri</subfield></datafield><datafield ind1=" " ind2=" " tag="490"><subfield code="a">Cern</subfield><subfield code="v">70-6</subfield></datafield><datafield ind1=" " ind2=" " tag="700"><subfield code="a">Wilson, E. J. N</subfield></datafield><datafield ind1=" " ind2=" " tag="852"><subfield code="a">13458</subfield></datafield><datafield ind1=" " ind2=" " tag="CAT"><subfield code="a">SYS</subfield><subfield code="c">20170219</subfield><subfield code="h">230932</subfield></datafield></record></collection>